@article{li2011,
  title={A statistical framework for SNP calling, mutation discovery, association mapping and population genetical parameter estimation from sequencing data},
  author={Li, Heng},
  journal={Bioinformatics},
  volume={27},
  number={21},
  pages={2987--2993},
  year={2011},
  publisher={Oxford University Press}
}

@article{li2009,
  title={Fast and accurate short read alignment with Burrows--Wheeler transform},
  author={Li, Heng and Durbin, Richard},
  journal={bioinformatics},
  volume={25},
  number={14},
  pages={1754--1760},
  year={2009},
  publisher={Oxford University Press}
}

@inproceedings{misztal2002,
  title={BLUPF90 and related programs (BGF90)},
  author={Misztal, I and Tsuruta, S and Strabel, T and Auvray, B and Druet, Tom and Lee, DH and others},
  booktitle={Proceedings of the 7th world congress on genetics applied to livestock production},
  volume={33},
  pages={743--744},
  year={2002}
}

@article{weir2002,
  title={Estimating F-statistics},
  author={Weir, Bruce S and Hill, William G},
  journal={Annual review of genetics},
  volume={36},
  number={1},
  pages={721--750},
  year={2002},
  publisher={Annual Reviews, Palo Alto, CA}
}

@article{morales2020,
  title={ImageBreed: Open-access plant breeding web--database for image-based phenotyping},
  author={Morales, Nicolas and Kaczmar, Nicholas S and Santantonio, Nicholas and Gore, Michael A and Mueller, Lukas A and Robbins, Kelly R},
  journal={The Plant Phenome Journal},
  volume={3},
  number={1},
  pages={e20004},
  year={2020},
  publisher={Wiley Online Library}
}


@article{segovia2004,
  title={Population-based diallel analyses among nine historically recognized alfalfa germplasms},
  author={Segovia-Lerma, A and Murray, LW and Townsend, MS and Ray, IM},
  journal={Theoretical and applied genetics},
  volume={109},
  number={8},
  pages={1568--1575},
  year={2004},
  publisher={Springer}
}

@article{segovia2003,
  title={AFLP-based assessment of genetic diversity among nine alfalfa germplasms using bulk DNA templates},
  author={Segovia-Lerma, A and Cantrell, RG and Conway, JM and Ray, IM},
  journal={Genome},
  volume={46},
  number={1},
  pages={51--58},
  year={2003},
  publisher={NRC Research Press}
}

@article{barnes1977,
  title={Alfalfa germplasm in the United States: genetic vulnerability, use, improvement, and maintenance.},
  author={Barnes, DK and Bingham, ET and Murphy, RP and Hunt, OJ and Beard, DF and Skrdla, WH and Teuber, LR},
  journal={USDA–ARS Technical Bulletin},
  volume={1571},
  pages={1--21},
  year={1977},
  publisher={US Government Printing Office, Washington}
}

@article{noland2018,
  title={Estimating alfalfa yield and nutritive value using remote sensing and air temperature},
  author={Noland, Reagan L and Wells, M Scott and Coulter, Jeffrey A and Tiede, Tyler and Baker, John M and Martinson, Krishona L and Sheaffer, Craig C},
  journal={Field Crops Research},
  volume={222},
  pages={189--196},
  year={2018},
  publisher={Elsevier}
}


@article{sharratt1989,
  title={Base temperature for the application of the growing-degree-day model to field-grown alfalfa},
  author={Sharratt, BS and Sheaffer, CC and Baker, DG},
  journal={Field Crops Research},
  volume={21},
  number={2},
  pages={95--102},
  year={1989},
  publisher={Elsevier}
}


@book{oakley1917,
  title={Medicago falcata, a yellow-flowered alfalfa},
  author={Oakley, Russell Arthur and Garver, Samuel},
  number={428},
  year={1917},
  publisher={US Department of Agriculture}
}

 (1977)  USDA–ARS Technical Bulletin 1571. US Government Printing Office, Washington